
\article{ksch,
	author={ Kschischang, R. and Frey, B.J. and and Loeliger, H.A.}
	year={2001},
	title={ Factor graphs and the sum-product algorithm},
	journal={IEEE Transactions on information theory},
	volume={47},
	pages={498--519}
	}

@book{press,
	Author={Press, W. H. and Teukolsky, S.A. and Vetterling, W.T. and
		Flannery, B.P.},
	Title={Numerical recipes: the art of scientific computing},
	Publisher={Cambridge University Press},
	Year={2007},
	Edition={3rd} }


